@article{1,
    author = "Wardle, C and Derakhshan, H",
    title = "Information disorder: Toward an interdisciplinary framework for research and policymaking.",
    year = "2017"
}
@article{2,
    author = "Simone Raponi and Zeinab Khalifa and Gabriele Oligeri and Roberto Di Pietro",
    title = "Fake News Propagation: A Review of Epidemic Models, Datasets, and Insights",
    journal = "ACM Trans Web",
    volume = "34",
    number = "12",
    year = "2022"
}
@article{3,
    author = "GLENSKI, M and WENINGER, T. and VOLKOVA, S",
    title = "Propagation from deceptive news sources who shares, how much, how evenly, and how quickly?",
    journal = "IEEE Transactions On Computational Social Systems",
    pages="1071-1082",
    year = "2018"
}
@article{4,
    author = "Mu, Y and Niu, P and Aletras, N",
    title = "Identifying and Characterizing Active Citizens who Refute Misinformation in Social Media",
    journal = "arXiv preprint arXiv:2204.10080",
    year = "2022"
}
@article{5,
    author = "Bo H and McConville R and Hong J and Liu W",
    title = "Ego-graph replay based continual learning for misinformation engagement prediction",
    journal = "International Joint Conference on Neural Networks (IJCNN)",
    pages="01-08",
    year = "2022"
}
@article{6,
    author = "CHANG I and SUN and Orion and AHN and Jasper Sang and et al.",
    title = "Is Social Diversity Related to Misinformation Resistance? An Empirical Study on Social Communities",
    journal = "IEEE Global Humanitarian Technology Conference",
    year = "2021"
}
%%les ref du rapport
@article{1_rapp,
    author = "Cherilyn Ireton and Julie Posetti",
    title = " Journalism, fake news & disinformation: handbook for journalism education and trainings",
    journal = "Unesco Publishing",
    year = "2018"
}
@article{2_rapp,
    author = "Fallis, D",
    title = " What is disinformation?",
    journal = "Library trends, 63(3), 401-426",
    year = "2015"
}
@article{5_rapp,
    author = "Kapantai E and Christopoulou A and Berberidis C and Peristeras V",
    title = "A systematic literature review on disinformation: Toward a unified taxonomical framework",
    journal = "New media & society, 23(5), 1301-1326",
    year = "2021"
}
@article{6_rapp,
    author = "Julia F",
    title = "Misinformation Literature Review: Definitions, Taxonomy, and Models.",
    journal = "International Journal of Social Science and Education Research, 3(12), 85-90.",
    year = "2020"
}
@article{7_rapp,
    author = "Zhou X and Zafarani R",
    title = "A survey of fake news: Fundamental theories, detection methods, and opportunities",
    journal = "ACM Computing Surveys (CSUR), 53(5), 1-40",
    year = "2020"
}
@article{8_rapp,
    author = "Shu K and Wang S and Lee D and Liu H",
    title = "Disinformation, misinformation, and fake news in social media.",
    journal = "Springer International Publishing",
    year = "2020"
}
@article{9_rapp,
    author = "Xu F and Sheng V S and Wang M",
    title = "A unified perspective for disinformation detection and truth discovery in social sensing: A survey",
    journal = "ACM Computing Surveys (CSUR), 55(1), 1-33",
    year = "2021"
}
@article{10_rapp,
    author = "Edelson L and Nguyen M K and Goldstein I and Goga O and McCoy D and Lauinger T",
    title = "Understanding engagement with US (mis) information news sources on Facebook",
    journal = "In Proceedings of the 21st ACM Internet Measurement Conference (pp. 444-463)",
    year = "2021"
}
@article{11_rapp,
    author = "Guess A and Nagler J and Tucker J",
    title = "Less than you think: Prevalence and predictors of fake news dissemination on Facebook",
    journal = "Science advances, 5(1), eaau4586",
    year = "2019"
}
@article{12_rapp,
    author = "Caramancion K M",
    title = "The Role of Subject Confidence and Historical Deception in Mis/Disinformation Vulnerability",
    journal = "In 2021 IEEE 12th Annual Information Technology, Electronics and Mobile Communication Conference (IEMCON) (pp. 0541-0546). IEEE",
    year = "2021"
}
@article{13_rapp,
    author = "Ribeiro M H and Zannettou S and Goga O and Benevenuto F and  West R ",
    title = "Can online attention signals help fact-checkers to fact-check.",
    journal = "In Workshop Proceedings of the 16th International AAAI Conference on Web and Social Media",
    year = "2022"
}
@article{14_rapp,
    author = "Allcott H and Gentzkow M and Yu C",
    title = "Trends in the diffusion of misinformation on social media",
    journal = ". Research & Politics, 6(2), 2053168019848554.",
    year = "2019"
}
@article{15_rapp,
    author = "Silva, M and Santos de Oliveira, L and Andreou, A and Vaz de Melo, P. O and Goga, O and Benevenuto, F",
    title = "Facebook ads monitor: An independent auditing system for political ads on facebook",
    journal = "In Proceedings of The Web Conference 2020 (pp. 224-234).",
    year = "2020"
}
@article{16_rapp,
    author = "SHAHID and Wajiha and LI and Yiran and STAPLES and Dakota et al.",
    title = "Are You a Cyborg, Bot or Human?â€”A Survey on Detecting Fake News Spreaders",
    journal = "IEEE Access, 2022, vol. 10, p. 27069-27083.",
    year = "2022"
}
@article{17_rapp,
    author = "Wald, R and Khoshgoftaar, T. M and Napolitano, A and Sumner, C",
    title = "Predicting susceptibility to social bots on twitter",
    journal = "In 2013 IEEE 14th international conference on information reuse & integration (IRI) (pp. 6-13). IEEE.",
    year = "2013"
}
@article{18_rapp,
    author = "Balestrucci, A and De Nicola, R and Inverso, O and Trubiani, C.",
    title = "Identification of credulous users on Twitter",
    journal = "In Proceedings of the 34th ACM/SIGAPP Symposium on Applied Computing (pp. 2096-2103)",
    year = "2019"
}
@article{19_rapp,
    author = "Balestrucci, A and De Nicola, R and Inverso, O and Trubiani, C.",
    title = "Do You Really Follow Them? Automatic Detection of Credulous Twitter Users",
    journal = "In International Conference on Intelligent Data Engineering and Automated Learning (pp. 402-410). Springer, Cham",
    year = "2019"
}
@article{29_rapp,
    author = "Teng, X and Lin, Y. R and Chung, W. T and Li, A and Kovashka, A.",
    title = "CharacteMrizing User Susceptibility to COVID-19 Misinformation on Twitter",
    journal = "In Proceedings of the International AAAI Conference on Web and Social Media (Vol. 16, pp. 1005-1016).",
    year = "2022"
}
@article{34_rapp,
    author = "Mu, Y and Aletras, N.",
    title = "Identifying Twitter users who repost unreliable news sources with linguistic information",
    journal = "PeerJ Computer Science, 6, e325.",
    year = "2020"
}
@article{35_rapp,
    author = "Zhang, X and Qian, B and Cao, S andLi, Y and Chen, H and Zheng, Y and Davidson, I.",
    title = " CharacteMrizing User Susceptibility to COVID-19 Misinformation on Twitter",
    journal = "INPREM: an interpretable and trustworthy predictive model for healthcare",
    year = "2020"
}
@article{36,
    author = "Scarselli F, Gori M, Tsoi A C, Hagenbuchner M,  Monfardini G",
    title = " The graph neural network model. IEEE transactions on neural networks",
    journal = "IEEE transactions on neural networks, 20(1), 61-80.",
    year = "2008"
}
